@article{doga2024perspective,
  title={A perspective on protein structure prediction using quantum computers},
  author={Doga, Hakan and Raubenolt, Bryan and Cumbo, Fabio and Joshi, Jayadev and DiFilippo, Frank P and Qin, Jun and Blankenberg, Daniel and Shehab, Omar},
  journal={Journal of Chemical Theory and Computation},
  volume={20},
  number={9},
  pages={3359--3378},
  year={2024},
  publisher={ACS Publications}
}
@article{pal2024quantum,
  title={Quantum computing in the next-generation computational biology landscape: From protein folding to molecular dynamics},
  author={Pal, Soumen and Bhattacharya, Manojit and Lee, Sang-Soo and Chakraborty, Chiranjib},
  journal={Molecular biotechnology},
  volume={66},
  number={2},
  pages={163--178},
  year={2024},
  publisher={Springer}
}

@article{bernal2022perspectives,
  title={Perspectives of quantum computing for chemical engineering},
  author={Bernal, David E and Ajagekar, Akshay and Harwood, Stuart M and Stober, Spencer T and Trenev, Dimitar and You, Fengqi},
  journal={AIChE Journal},
  volume={68},
  number={6},
  pages={e17651},
  year={2022},
  publisher={Wiley Online Library}
}
@article{ajagekar2022new,
  title={New frontiers of quantum computing in chemical engineering},
  author={Ajagekar, Akshay and You, Fengqi},
  journal={Korean Journal of Chemical Engineering},
  volume={39},
  number={4},
  pages={811--820},
  year={2022},
  publisher={Springer}
}

@article{gujju2024quantum,
  title={Quantum machine learning on near-term quantum devices: Current state of supervised and unsupervised techniques for real-world applications},
  author={Gujju, Yaswitha and Matsuo, Atsushi and Raymond, Rudy},
  journal={Physical Review Applied},
  volume={21},
  number={6},
  pages={067001},
  year={2024},
  publisher={APS}
}
@article{preskill2018quantum,
  title={Quantum computing in the NISQ era and beyond},
  author={Preskill, John},
  journal={Quantum},
  volume={2},
  pages={79},
  year={2018},
  publisher={Verein zur F{\"o}rderung des Open Access Publizierens in den Quantenwissenschaften}
}

@article{xu2020deep,
  title={Deep dive into machine learning models for protein engineering},
  author={Xu, Yuting and Verma, Deeptak and Sheridan, Robert P and Liaw, Andy and Ma, Junshui and Marshall, Nicholas M and McIntosh, John and Sherer, Edward C and Svetnik, Vladimir and Johnston, Jennifer M},
  journal={Journal of chemical information and modeling},
  volume={60},
  number={6},
  pages={2773--2790},
  year={2020},
  publisher={ACS Publications}
}

@article{PhysRevA.77.032320,
  title = {Optimal number of controlled-NOT gates to generate a three-qubit state},
  author = {\ifmmode \check{Z}\else \v{Z}\fi{}nidari\ifmmode \check{c}\else \v{c}\fi{}, Marko and Giraud, Olivier and Georgeot, Bertrand},
  journal = {Phys. Rev. A},
  volume = {77},
  issue = {3},
  pages = {032320},
  numpages = {5},
  year = {2008},
  month = {Mar},
  publisher = {American Physical Society},
  doi = {10.1103/PhysRevA.77.032320},
  url = {https://link.aps.org/doi/10.1103/PhysRevA.77.032320}
}

@ARTICLE{1629135,

  author={Shende, Vivek V. and Bullock, Stephen S. and Markov, Igor L.},

  journal={IEEE Trans. Comput. Aid. D.},

  title={Synthesis of quantum-logic circuits}, 

  year={2006},

  volume={25},

  number={6},

  pages={1000-1010},

  doi={10.1109/TCAD.2005.855930}
}
@inproceedings{shor1994algorithms,
  title={Algorithms for quantum computation: discrete logarithms and factoring},
  author={Shor, Peter W.},
  booktitle={Proceedings 35th annual symposium on foundations of computer science},
  pages={124--134},
  year={1994},
  organization={Ieee}
}
@article{PhysRevLett.103.150502,
  title = {Quantum Algorithm for Linear Systems of Equations},
  author = {Harrow, Aram W. and Hassidim, Avinatan and Lloyd, Seth},
  journal = {Phys. Rev. Lett.},
  volume = {103},
  issue = {15},
  pages = {150502},
  numpages = {4},
  year = {2009},
  month = {Oct},
  publisher = {American Physical Society},
  doi = {10.1103/PhysRevLett.103.150502},
  url = {https://link.aps.org/doi/10.1103/PhysRevLett.103.150502}
}
@article{aaronson2015read,
  title={Read the fine print},
  author={Aaronson, Scott},
  journal={Nat. Phys.},
  volume={11},
  number={4},
  pages={291--293},
  year={2015},
  publisher={Nature Publishing Group UK London}
}

@article{bergholm2005quantum,
  title={Quantum circuits with uniformly controlled one-qubit gates},
  author={Bergholm, Ville and Vartiainen, Juha J and M{\"o}tt{\"o}nen, Mikko and Salomaa, Martti M},
  journal={Phys. Rev. A},
  volume={71},
  number={5},
  pages={052330},
  year={2005},
  publisher={APS}
}
@article{PhysRevA.83.032302,
  title = {Quantum-state preparation with universal gate decompositions},
  author = {Plesch, Martin and Brukner, \ifmmode \check{C}\else \v{C}\fi{}aslav},
  journal = {Phys. Rev. A},
  volume = {83},
  issue = {3},
  pages = {032302},
  numpages = {5},
  year = {2011},
  month = {Mar},
  publisher = {American Physical Society},
  doi = {10.1103/PhysRevA.83.032302},
  url = {https://link.aps.org/doi/10.1103/PhysRevA.83.032302}
}
@ARTICLE{10044235,

  author={Sun, Xiaoming and Tian, Guojing and Yang, Shuai and Yuan, Pei and Zhang, Shengyu},

  journal={IEEE T. Comput. Aid. D.},

  title={Asymptotically Optimal Circuit Depth for Quantum State Preparation and General Unitary Synthesis},

  year={2023},

  volume={},

  number={},

  pages={1-1},

  doi={10.1109/TCAD.2023.3244885}}

  @article{zhang2022quantum,
  title={Quantum state preparation with optimal circuit depth: Implementations and applications},
  author={Zhang, Xiao-Ming and Li, Tongyang and Yuan, Xiao},
  journal={Phys. Rev. Lett.},
  volume={129},
  number={23},
  pages={230504},
  year={2022},
  publisher={APS}
}

@article{PhysRevA.106.022617,
  title = {Efficient deterministic preparation of quantum states using decision diagrams},
  author = {Mozafari, Fereshte and De Micheli, Giovanni and Yang, Yuxiang},
  journal = {Phys. Rev. A},
  volume = {106},
  issue = {2},
  pages = {022617},
  numpages = {9},
  year = {2022},
  month = {Aug},
  publisher = {American Physical Society},
  doi = {10.1103/PhysRevA.106.022617},
  url = {https://link.aps.org/doi/10.1103/PhysRevA.106.022617}
}

@inproceedings{10.1145/1060590.1060662,
author = {Ben-Or, Michael and Hassidim, Avinatan},
title = {Fast Quantum Byzantine Agreement},
year = {2005},
isbn = {1581139608},
publisher = {Association for Computing Machinery},
address = {New York, NY, USA},
url = {https://doi.org/10.1145/1060590.1060662},
doi = {10.1145/1060590.1060662},
booktitle = {Proceedings of the Thirty-Seventh Annual ACM Symposium on Theory of Computing},
pages = {481–485},
numpages = {5},
location = {Baltimore, MD, USA},
series = {STOC '05}
}

@ARTICLE{9272350,

  author={Sierra-Sosa, Daniel and Telahun, Michael and Elmaghraby, Adel},

  journal={IEEE Access},

  title={TensorFlow Quantum: Impacts of Quantum State Preparation on Quantum Machine Learning Performance},

  year={2020},

  volume={8},

  number={},

  pages={215246-215255},

  doi={10.1109/ACCESS.2020.3040798}}

  @inproceedings{10.1109/DAC18074.2021.9586240,
author = {Gleinig, Niels and Hoefler, Torsten},
title = {An Efficient Algorithm for Sparse Quantum State Preparation},
year = {2021},
publisher = {IEEE Press},
url = {https://doi.org/10.1109/DAC18074.2021.9586240},
doi = {10.1109/DAC18074.2021.9586240},

booktitle = {2021 58th ACM/IEEE Design Automation Conference (DAC)},
pages = {433–438},
numpages = {6},
location = {San Francisco, CA, USA}
}

@article{Malvetti2021quantumcircuits,
  doi = {10.22331/q-2021-03-15-412},
  url = {https://doi.org/10.22331/q-2021-03-15-412},
  title = {Quantum {C}ircuits for {S}parse {I}sometries},
  author = {Malvetti, Emanuel and Iten, Raban and Colbeck, Roger},
  journal = {{Quantum}},
  issn = {2521-327X},
  publisher = {{Verein zur F{\"{o}}rderung des Open Access Publizierens in den Quantenwissenschaften}},
  volume = {5},
  pages = {412},
  month = mar,
  year = {2021}
}

@article{bravyi2022future,
  title={The future of quantum computing with superconducting qubits},
  author={Bravyi, Sergey and Dial, Oliver and Gambetta, Jay M and Gil, Dar{\'\i}o and Nazario, Zaira},
  journal={J. Appl. Phys.},
  volume={132},
  number={16},
  year={2022},
  publisher={AIP Publishing}
}

@INPROCEEDINGS{4782917,

  author={Hirata, Yuichi and Nakanishi, Masaki and Yamashita, Shigeru and Nakashima, Yasuhiko},

  booktitle={2009 Third International Conference on Quantum, Nano and Micro Technologies},

  title={An Efficient Method to Convert Arbitrary Quantum Circuits to Ones on a Linear Nearest Neighbor Architecture},

  year={2009},

  volume={},

  number={},

  pages={26-33},

  doi={10.1109/ICQNM.2009.25}}

  @article{Saeedi_Wille_Drechsler_2010, title={Synthesis of quantum circuits for linear nearest neighbor architectures}, volume={10}, url={https://doi.org/10.1007/s11128-010-0201-2}, DOI={10.1007/s11128-010-0201-2}, number={3}, 
  journal={Quantum Inf. Process.}, publisher={Springer Science+Business Media}, author={Saeedi, Mehdi and Wille, Robert and Drechsler, Rolf}, year={2010}, month={Oct}, pages={355–377} }
  @article{PhysRevResearch.4.023136,
  title = {Approximate amplitude encoding in shallow parameterized quantum circuits and its application to financial market indicators},
  author = {Nakaji, Kouhei and Uno, Shumpei and Suzuki, Yohichi and Raymond, Rudy and Onodera, Tamiya and Tanaka, Tomoki and Tezuka, Hiroyuki and Mitsuda, Naoki and Yamamoto, Naoki},
  journal = {Phys. Rev. Res.},
  volume = {4},
  issue = {2},
  pages = {023136},
  numpages = {20},
  year = {2022},
  month = {May},
  publisher = {American Physical Society},
  doi = {10.1103/PhysRevResearch.4.023136},
  url = {https://link.aps.org/doi/10.1103/PhysRevResearch.4.023136}
}

@article{PhysRevA.98.032309,
  title = {Quantum circuit learning},
  author = {Mitarai, K. and Negoro, M. and Kitagawa, M. and Fujii, K.},
  journal = {Phys. Rev. A},
  volume = {98},
  issue = {3},
  pages = {032309},
  numpages = {6},
  year = {2018},
  month = {Sep},
  publisher = {American Physical Society},
  doi = {10.1103/PhysRevA.98.032309},
  url = {https://link.aps.org/doi/10.1103/PhysRevA.98.032309}
}
@article{Cerezo_Sone_Volkoff_Cincio_Coles_2021, title={Cost function dependent barren plateaus in shallow parametrized quantum circuits}, volume={12}, url={https://doi.org/10.1038/s41467-021-21728-w}, DOI={10.1038/s41467-021-21728-w}, number={1}, journal={Nat. Commun.}, publisher={Nature Portfolio}, author={Cerezo, M. and Sone, Akira and Volkoff, Tyler and Cincio, Lukasz and Coles, Patrick J.}, year={2021}, month={Mar} }

@article{McClean_Boixo_Smelyanskiy_Babbush_Neven_2018, title={Barren plateaus in quantum neural network training landscapes}, volume={9}, url={https://doi.org/10.1038/s41467-018-07090-4}, DOI={10.1038/s41467-018-07090-4}, number={1}, journal={Nat. Commun.}, publisher={Nature Portfolio}, author={McClean, Jarrod R. and Boixo, Sergio and Smelyanskiy, Vadim and Babbush, Ryan and Neven, Hartmut}, year={2018}, month={Nov} }

@article{rivera2021avoiding,
  title={Avoiding local minima in variational quantum algorithms with neural networks},
  author={Rivera-Dean, Javier and Huembeli, Patrick and Ac{\'\i}n, Antonio and Bowles, Joseph},
  journal={arXiv preprint arXiv:2104.02955},
  year={2021}
}

@article{zhang2020toward,
  title={Toward trainability of quantum neural networks},
  author={Zhang, Kaining and Hsieh, Min-Hsiu and Liu, Liu and Tao, Dacheng},
  journal={arXiv preprint arXiv:2011.06258},
  year={2020}
}

@article{grimsley2019adaptive,
  title={An adaptive variational algorithm for exact molecular simulations on a quantum computer},
  author={Grimsley, Harper R and Economou, Sophia E and Barnes, Edwin and Mayhall, Nicholas J},
  journal={Nat. Commun.},
  volume={10},
  number={1},
  pages={3007},
  year={2019},
  publisher={Nature Publishing Group UK London}
}

@misc{Araujo_Quantum_computing_library_2023,
author = {Araujo, Israel F. and Araújo, Ismael C. S. and da Silva, Leon D. and Blank, Carsten and da Silva, Adenilton J.},
month = feb,
title = {{Quantum computing library}},
url = {https://github.com/qclib/qclib},
version = {0.0.21},
year = {2023}
}

@article{moro2021quantum,
  title={Quantum compiling by deep reinforcement learning},
  author={Moro, Lorenzo and Paris, Matteo GA and Restelli, Marcello and Prati, Enrico},
  journal={Communications Physics},
  volume={4},
  number={1},
  pages={178},
  year={2021},
  publisher={Nature Publishing Group UK London}
}

@article{creevey2023gasp,
  title={GASP: a genetic algorithm for state preparation on quantum computers},
  author={Creevey, Floyd M and Hill, Charles D and Hollenberg, Lloyd CL},
  journal={Scientific Reports},
  volume={13},
  number={1},
  pages={11956},
  year={2023},
  publisher={Nature Publishing Group UK London}
}

@article{arrasmith2021effect,
  title={Effect of barren plateaus on gradient-free optimization},
  author={Arrasmith, Andrew and Cerezo, Marco and Czarnik, Piotr and Cincio, Lukasz and Coles, Patrick J},
  journal={Quantum},
  volume={5},
  pages={558},
  year={2021},
  publisher={Verein zur F{\"o}rderung des Open Access Publizierens in den Quantenwissenschaften}
}

@article{araujo2023low,
  title={Low-Rank Quantum State Preparation},
  author={Araujo, Israel F and Blank, Carsten and Ara{\'u}jo, Ismael CS and da Silva, Adenilton J},
  journal={IEEE T. Comput. Aid. D.},
  year={2023},
  publisher={IEEE}
}

@article{maldonado2022error,
  title={Error rate reduction of single-qubit gates via noise-aware decomposition into native gates},
  author={Maldonado, Thomas J and Flick, Johannes and Krastanov, Stefan and Galda, Alexey},
  journal={Scientific Reports},
  volume={12},
  number={1},
  pages={6379},
  year={2022},
  publisher={Nature Publishing Group UK London}
}

@article{andersson2022quantum,
  title={Quantum computing for chemical and biomolecular product design},
  author={Andersson, Martin P and Jones, Mark N and Mikkelsen, Kurt V and You, Fengqi and Mansouri, Seyed Soheil},
  journal={Curr. Opin. Chem. Eng.},
  volume={36},
  pages={100754},
  year={2022},
  publisher={Elsevier}
}

@article{consortium2015uniprot,
  title={UniProt: a hub for protein information},
  author={Consortium, UniProt},
  journal={Nucleic Acids Res},
  volume={43},
  number={D1},
  pages={D204--D212},
  year={2015},
  publisher={Oxford University Press}
}

@article{elnaggar2020prottrans,
  title={ProtTrans: Towards Cracking the Language of Life's Code Through Self-Supervised Learning},
  author={Elnaggar, Ahmed and Heinzinger, M and Dallago, C and others},
  journal={IEEE T. Pattern Anal.},
  volume={685},
  year={2020}
}

//////// Refeences added 5/9 //////////////

@article{ajagekar2022new,
  title={New frontiers of quantum computing in chemical engineering},
  author={Ajagekar, Akshay and You, Fengqi},
  journal={Korean Journal of Chemical Engineering},
  volume={39},
  number={4},
  pages={811--820},
  year={2022},
  publisher={Springer}
}

@article{outeiral2021prospects,
  title={The prospects of quantum computing in computational molecular biology},
  author={Outeiral, Carlos and Strahm, Martin and Shi, Jiye and Morris, Garrett M and Benjamin, Simon C and Deane, Charlotte M},
  journal={Wiley Interdisciplinary Reviews: Computational Molecular Science},
  volume={11},
  number={1},
  pages={e1481},
  year={2021},
  publisher={Wiley Online Library}
}

@article{batra2021quantum,
  title={Quantum machine learning algorithms for drug discovery applications},
  author={Batra, Kushal and Zorn, Kimberley M and Foil, Daniel H and Minerali, Eni and Gawriljuk, Victor O and Lane, Thomas R and Ekins, Sean},
  journal={Journal of chemical information and modeling},
  volume={61},
  number={6},
  pages={2641--2647},
  year={2021},
  publisher={ACS Publications}
}

@article{lloyd1996universal,
  title={Universal quantum simulators},
  author={Lloyd, Seth},
  journal={Science},
  volume={273},
  number={5278},
  pages={1073--1078},
  year={1996},
  publisher={American Association for the Advancement of Science}
}

@article{divincenzo1995two,
  title={Two-bit gates are universal for quantum computation},
  author={DiVincenzo, David P},
  journal={Physical Review A},
  volume={51},
  number={2},
  pages={1015},
  year={1995},
  publisher={APS}
}

@article{wossnig2018quantum,
  title={Quantum linear system algorithm for dense matrices},
  author={Wossnig, Leonard and Zhao, Zhikuan and Prakash, Anupam},
  journal={Physical review letters},
  volume={120},
  number={5},
  pages={050502},
  year={2018},
  publisher={APS}
}

@article{berry2015simulating,
  title={Simulating Hamiltonian dynamics with a truncated Taylor series},
  author={Berry, Dominic W and Childs, Andrew M and Cleve, Richard and Kothari, Robin and Somma, Rolando D},
  journal={Physical review letters},
  volume={114},
  number={9},
  pages={090502},
  year={2015},
  publisher={APS}
}

@article{low2017optimal,
  title={Optimal Hamiltonian simulation by quantum signal processing},
  author={Low, Guang Hao and Chuang, Isaac L},
  journal={Physical review letters},
  volume={118},
  number={1},
  pages={010501},
  year={2017},
  publisher={APS}
}

@article{low2019hamiltonian,
  title={Hamiltonian simulation by qubitization},
  author={Low, Guang Hao and Chuang, Isaac L},
  journal={Quantum},
  volume={3},
  pages={163},
  year={2019},
  publisher={Verein zur F{\"o}rderung des Open Access Publizierens in den Quantenwissenschaften}
}

@inproceedings{berry2015hamiltonian,
  title={Hamiltonian simulation with nearly optimal dependence on all parameters},
  author={Berry, Dominic W and Childs, Andrew M and Kothari, Robin},
  booktitle={2015 IEEE 56th annual symposium on foundations of computer science},
  pages={792--809},
  year={2015},
  organization={IEEE}
}

@article{biamonte2017quantum,
  title={Quantum machine learning},
  author={Biamonte, Jacob and Wittek, Peter and Pancotti, Nicola and Rebentrost, Patrick and Wiebe, Nathan and Lloyd, Seth},
  journal={Nature},
  volume={549},
  number={7671},
  pages={195--202},
  year={2017},
  publisher={Nature Publishing Group UK London}
}